@book { landau-fnds
      , title = {Foundations of Analysis}
      , author = {Edmund Landau}
      , year = {1966}
      , publisher = {AMS Chelsea Publishing}
      , isbn = {0-8218-2693-X}
      }